<?xml version="1.0" encoding="UTF-8"?><collection xmlns="http://www.loc.gov/MARC21/slim"><record><leader>00593nam--2200193-i-4500</leader><controlfield tag="001">000017197</controlfield><controlfield tag="002">20161230</controlfield><controlfield tag="005">20161230201032</controlfield><controlfield tag="008">060222s1000------------r-----000-0-eng-d</controlfield><datafield ind1=" " ind2=" " tag="020"><subfield code="a">9810204426</subfield></datafield><datafield ind1=" " ind2=" " tag="040"><subfield code="a">IFIN-HH</subfield></datafield><datafield ind1=" " ind2=" " tag="080"><subfield code="a">512.54:514.8(061.3)</subfield></datafield><datafield ind1="1" ind2=" " tag="100"><subfield code="a">Ghys, E</subfield></datafield><datafield ind1="1" ind2="0" tag="245"><subfield code="a">Group theory from a geometrical viewpoint, 26 march - 6 april 1990, ictp, trieste, italy</subfield><subfield code="c">E.GHYS; A. HAEFLIGER; A. VERJOVSKY (Eds.)</subfield></datafield><datafield ind1=" " ind2=" " tag="260"><subfield code="a">World Scientific Publishing</subfield><subfield code="b">Singapore</subfield><subfield code="c">1991</subfield></datafield><datafield ind1=" " ind2=" " tag="300"><subfield code="a">733 P</subfield></datafield><datafield ind1="1" ind2=" " tag="700"><subfield code="a">Verjovsky, A</subfield><subfield code="e">Ed</subfield></datafield><datafield ind1=" " ind2=" " tag="852"><subfield code="a">79755</subfield><subfield code="c">519.4/5</subfield></datafield><datafield ind1=" " ind2=" " tag="CAT"><subfield code="a">Sys</subfield><subfield code="c">20110311</subfield><subfield code="h">114757</subfield></datafield></record></collection>